<?xml version="1.0" encoding="UTF-8"?>

<marc21:record xmlns:marc21="http://www.loc.gov/MARC21/slim" xmlns:xsi="http://www.w3.org/2001/XMLSchema-instance" xsi:schemaLocation="http://www.loc.gov/MARC21/slim http://www.loc.gov/standards/marcxml/schema/MARC21slim.xsd">
  <marc21:leader>02366nam a22005297a 4500</marc21:leader>
  <marc21:controlfield tag="001">001052310</marc21:controlfield>
  <marc21:controlfield tag="003">CZ BrMZK</marc21:controlfield>
  <marc21:controlfield tag="005">20090116124752.0</marc21:controlfield>
  <marc21:controlfield tag="007">ta</marc21:controlfield>
  <marc21:controlfield tag="008">070531s1653 gw fr|||||00| ||latod</marc21:controlfield>
  <marc21:datafield tag="040" ind1=" " ind2=" ">
    <marc21:subfield code="a">BOA001</marc21:subfield>
    <marc21:subfield code="b">cze</marc21:subfield>
  </marc21:datafield>
  <marc21:datafield tag="072" ind1=" " ind2="7">
    <marc21:subfield code="a">094</marc21:subfield>
    <marc21:subfield code="x">Staré tisky</marc21:subfield>
    <marc21:subfield code="2">Konspekt</marc21:subfield>
    <marc21:subfield code="9">12</marc21:subfield>
  </marc21:datafield>
  <marc21:datafield tag="080" ind1=" " ind2=" ">
    <marc21:subfield code="a">025.171</marc21:subfield>
    <marc21:subfield code="2">MRF</marc21:subfield>
  </marc21:datafield>
  <marc21:datafield tag="100" ind1="1" ind2=" ">
    <marc21:subfield code="a">Komenský, Jan Amos,</marc21:subfield>
    <marc21:subfield code="d">1592-1670</marc21:subfield>
    <marc21:subfield code="7">jk01061444</marc21:subfield>
    <marc21:subfield code="4">aut</marc21:subfield>
  </marc21:datafield>
  <marc21:datafield tag="245" ind1="1" ind2="0">
    <marc21:subfield code="a">Januae Lingvarum Reseratae Aureae Vestibulum :</marc21:subfield>
    <marc21:subfield code="b">Qvo Primus ad Latinam aditus Tirunculis paratur: Cum versione interlineari Germanicâ /</marc21:subfield>
    <marc21:subfield code="c">Editum à Johan-Amoso Comenio, Nunc verò Ipsius Authoris consensu Revisum, multisque in locis auctum ...</marc21:subfield>
  </marc21:datafield>
  <marc21:datafield tag="260" ind1=" " ind2=" ">
    <marc21:subfield code="a">Lipsiae :</marc21:subfield>
    <marc21:subfield code="b">Sumptibus Vid. Gothofredi Grosii. Excudebat Qvirinus Bauch,</marc21:subfield>
    <marc21:subfield code="c">1653</marc21:subfield>
  </marc21:datafield>
  <marc21:datafield tag="300" ind1=" " ind2=" ">
    <marc21:subfield code="a">[12], 97, [50] s. ;</marc21:subfield>
    <marc21:subfield code="c">8°</marc21:subfield>
  </marc21:datafield>
  <marc21:datafield tag="500" ind1=" " ind2=" ">
    <marc21:subfield code="a">Výzdoba: nad impresem viněta z typografických ozdob, vlysy z typografických ozdob</marc21:subfield>
  </marc21:datafield>
  <marc21:datafield tag="510" ind1="4" ind2=" ">
    <marc21:subfield code="a">SDK,</marc21:subfield>
    <marc21:subfield code="c">820</marc21:subfield>
  </marc21:datafield>
  <marc21:datafield tag="510" ind1="4" ind2=" ">
    <marc21:subfield code="a">Dokoupil. Soupis komenian,</marc21:subfield>
    <marc21:subfield code="c">s. 108, č. 12</marc21:subfield>
  </marc21:datafield>
  <marc21:datafield tag="510" ind1="4" ind2=" ">
    <marc21:subfield code="a">Vobr. Dílo J. A. Komenského,</marc21:subfield>
    <marc21:subfield code="c">266</marc21:subfield>
  </marc21:datafield>
  <marc21:datafield tag="561" ind1=" " ind2=" ">
    <marc21:subfield code="a">Provenience: (na přední desce zlacený monogram) H. H. V. E.</marc21:subfield>
  </marc21:datafield>
  <marc21:datafield tag="563" ind1=" " ind2=" ">
    <marc21:subfield code="a">Původní kožená vazba, dřevěné desky, hnědá teletina se slepotiskovou výzdobou, v polích vytvořených rýhováním z trojlinek obloučky s palmetami, na přední desce na horním a dolním okraji vodorovné pásy, uprostřed tři svislé, na zadní desce dva svislé, na přední desce zlacený monogram H. H. V. E.</marc21:subfield>
  </marc21:datafield>
  <marc21:datafield tag="648" ind1=" " ind2="7">
    <marc21:subfield code="a">1651-1700</marc21:subfield>
    <marc21:subfield code="2">czenas</marc21:subfield>
  </marc21:datafield>
  <marc21:datafield tag="650" ind1="0" ind2="7">
    <marc21:subfield code="a">historické knihovní fondy</marc21:subfield>
    <marc21:subfield code="2">czenas</marc21:subfield>
  </marc21:datafield>
  <marc21:datafield tag="655" ind1=" " ind2="7">
    <marc21:subfield code="a">staré tisky</marc21:subfield>
    <marc21:subfield code="2">czenas</marc21:subfield>
  </marc21:datafield>
  <marc21:datafield tag="700" ind1="1" ind2=" ">
    <marc21:subfield code="a">Komenský, Jan Amos,</marc21:subfield>
    <marc21:subfield code="d">1592-1670.</marc21:subfield>
    <marc21:subfield code="t">Vestibulum</marc21:subfield>
  </marc21:datafield>
  <marc21:datafield tag="700" ind1="1" ind2=" ">
    <marc21:subfield code="a">Grosse, Gottfried,</marc21:subfield>
    <marc21:subfield code="d">1591-1637</marc21:subfield>
    <marc21:subfield code="7">vse2007395961</marc21:subfield>
    <marc21:subfield code="4">pbl</marc21:subfield>
  </marc21:datafield>
  <marc21:datafield tag="910" ind1=" " ind2=" ">
    <marc21:subfield code="b">Ks-0037.132</marc21:subfield>
  </marc21:datafield>
  <marc21:datafield tag="978" ind1=" " ind2=" ">
    <marc21:subfield code="a">Grosse</marc21:subfield>
    <marc21:subfield code="b">Gottfried - vdova</marc21:subfield>
    <marc21:subfield code="c">Leipzig</marc21:subfield>
    <marc21:subfield code="f">1653</marc21:subfield>
  </marc21:datafield>
  <marc21:datafield tag="978" ind1=" " ind2=" ">
    <marc21:subfield code="a">Bauch</marc21:subfield>
    <marc21:subfield code="b">Quirin</marc21:subfield>
    <marc21:subfield code="c">Leipzig</marc21:subfield>
    <marc21:subfield code="f">1653</marc21:subfield>
  </marc21:datafield>
  <marc21:datafield tag="984" ind1=" " ind2=" ">
    <marc21:subfield code="a">Lipsko</marc21:subfield>
    <marc21:subfield code="b">Německo</marc21:subfield>
  </marc21:datafield>
  <marc21:datafield tag="990" ind1=" " ind2=" ">
    <marc21:subfield code="a">001052310</marc21:subfield>
  </marc21:datafield>
  <marc21:datafield tag="CAT" ind1=" " ind2=" ">
    <marc21:subfield code="a">BARPRE</marc21:subfield>
    <marc21:subfield code="b">50</marc21:subfield>
    <marc21:subfield code="c">20070712</marc21:subfield>
    <marc21:subfield code="l">MZK03</marc21:subfield>
    <marc21:subfield code="h">1224</marc21:subfield>
  </marc21:datafield>
  <marc21:datafield tag="CAT" ind1=" " ind2=" ">
    <marc21:subfield code="a">BARPRE</marc21:subfield>
    <marc21:subfield code="b">50</marc21:subfield>
    <marc21:subfield code="c">20080107</marc21:subfield>
    <marc21:subfield code="l">MZK03</marc21:subfield>
    <marc21:subfield code="h">0815</marc21:subfield>
  </marc21:datafield>
  <marc21:datafield tag="CAT" ind1=" " ind2=" ">
    <marc21:subfield code="a">BARPRE</marc21:subfield>
    <marc21:subfield code="b">50</marc21:subfield>
    <marc21:subfield code="c">20080107</marc21:subfield>
    <marc21:subfield code="l">MZK03</marc21:subfield>
    <marc21:subfield code="h">0910</marc21:subfield>
  </marc21:datafield>
  <marc21:datafield tag="CAT" ind1=" " ind2=" ">
    <marc21:subfield code="c">20080514</marc21:subfield>
    <marc21:subfield code="l">MZK03</marc21:subfield>
    <marc21:subfield code="h">1638</marc21:subfield>
  </marc21:datafield>
  <marc21:datafield tag="CAT" ind1=" " ind2=" ">
    <marc21:subfield code="c">20080516</marc21:subfield>
    <marc21:subfield code="l">MZK03</marc21:subfield>
    <marc21:subfield code="h">1718</marc21:subfield>
  </marc21:datafield>
  <marc21:datafield tag="CAT" ind1=" " ind2=" ">
    <marc21:subfield code="c">20080930</marc21:subfield>
    <marc21:subfield code="l">MZK03</marc21:subfield>
    <marc21:subfield code="h">1223</marc21:subfield>
  </marc21:datafield>
  <marc21:datafield tag="CAT" ind1=" " ind2=" ">
    <marc21:subfield code="a">BARPRE</marc21:subfield>
    <marc21:subfield code="b">50</marc21:subfield>
    <marc21:subfield code="c">20090116</marc21:subfield>
    <marc21:subfield code="l">MZK03</marc21:subfield>
    <marc21:subfield code="h">1247</marc21:subfield>
  </marc21:datafield>
  <marc21:datafield tag="CAT" ind1=" " ind2=" ">
    <marc21:subfield code="a">MACHJI</marc21:subfield>
    <marc21:subfield code="b">50</marc21:subfield>
    <marc21:subfield code="c">20090217</marc21:subfield>
    <marc21:subfield code="l">MZK03</marc21:subfield>
    <marc21:subfield code="h">1015</marc21:subfield>
  </marc21:datafield>
  <marc21:datafield tag="CAT" ind1=" " ind2=" ">
    <marc21:subfield code="a">MACHJI</marc21:subfield>
    <marc21:subfield code="b">50</marc21:subfield>
    <marc21:subfield code="c">20090217</marc21:subfield>
    <marc21:subfield code="l">MZK03</marc21:subfield>
    <marc21:subfield code="h">1031</marc21:subfield>
  </marc21:datafield>
  <marc21:datafield tag="MNS" ind1=" " ind2=" ">
    <marc21:subfield code="a">20080515</marc21:subfield>
  </marc21:datafield>
  <marc21:datafield tag="PRU" ind1=" " ind2=" ">
    <marc21:subfield code="a">VZST 070712 PB</marc21:subfield>
  </marc21:datafield>
  <marc21:datafield tag="SGG" ind1=" " ind2=" ">
    <marc21:subfield code="a">0037.132</marc21:subfield>
  </marc21:datafield>
  <marc21:datafield tag="SKC" ind1=" " ind2=" ">
    <marc21:subfield code="a">20080514</marc21:subfield>
  </marc21:datafield>
</marc21:record>
